@inproceedings{Ghani_1995_TLCA,
  author    = {Neil Ghani},
  title     = {{\ss}n-Equality for Coproducts},
  booktitle = {Typed Lambda Calculi and Applications, Second International
                  Conference on Typed Lambda Calculi and Applications, {TLCA}
                  '95, Edinburgh, UK, April 10-12, 1995, Proceedings},
  pages     = {171--185},
  year      = {1995},
  doi       = {10.1007/BFb0014052},
}

@PhdThesis{benyelles79, 
   Author = {Ben-Yelles, Ch.},
   Title = {Type Assignment in the Lambda-Calculus: Syntax and Semantics},
   School = {Department of Pure Mathematics, University College of Swansea},
   Month = {September},
   Year = {1979}
}

@article{DBLP:journals/corr/SekiyamaIS17,
  author    = {Taro Sekiyama and
               Akifumi Imanishi and
               Kohei Suenaga},
  title     = {Towards Proof Synthesis Guided by Neural Machine Translation for Intuitionistic
               Propositional Logic},
  journal   = {CoRR},
  volume    = {abs/1706.06462},
  year      = {2017},
  url       = {http://arxiv.org/abs/1706.06462},
  archivePrefix = {arXiv},
  eprint    = {1706.06462},
  timestamp = {Mon, 03 Jul 2017 13:29:02 +0200},
  biburl    = {https://dblp.org/rec/bib/journals/corr/SekiyamaIS17},
  bibsource = {dblp computer science bibliography, https://dblp.org}
}

@book{bibel2013automated,
  title={Automated theorem proving},
  author={Bibel, Wolfgang},
  year={2013},
  publisher={Springer Science \& Business Media}
}

@article{pfenning2004automated,
  title={Automated theorem proving},
  author={Pfenning, Frank},
  journal={Lecture notes, March},
  year={2004}
}

@book{fitting2012first,
  title={First-order logic and automated theorem proving},
  author={Fitting, Melvin},
  year={2012},
  publisher={Springer Science \& Business Media}
}

@article{DBLP:journals/cacm/Hoare69,
  author    = {C. A. R. Hoare},
  title     = {An Axiomatic Basis for Computer Programming},
  journal   = {Commun. {ACM}},
  volume    = {12},
  number    = {10},
  pages     = {576--580},
  year      = {1969},
  url       = {http://doi.acm.org/10.1145/363235.363259},
  doi       = {10.1145/363235.363259},
  timestamp = {Thu, 20 Nov 2003 13:06:13 +0100},
  biburl    = {https://dblp.org/rec/bib/journals/cacm/Hoare69},
  bibsource = {dblp computer science bibliography, https://dblp.org}
}

@inproceedings{DBLP:conf/popl/CousotC77,
  author    = {Patrick Cousot and
               Radhia Cousot},
  title     = {Abstract Interpretation: {A} Unified Lattice Model for Static Analysis
               of Programs by Construction or Approximation of Fixpoints},
  booktitle = {Conference Record of the Fourth {ACM} Symposium on Principles of Programming
               Languages, Los Angeles, California, USA, January 1977},
  pages     = {238--252},
  year      = {1977},
  url       = {http://doi.acm.org/10.1145/512950.512973},
  doi       = {10.1145/512950.512973},
  timestamp = {Wed, 29 Mar 2017 16:45:25 +0200},
  biburl    = {https://dblp.org/rec/bib/conf/popl/CousotC77},
  bibsource = {dblp computer science bibliography, https://dblp.org}
}

@book{Sorensen:2006:LCI:1197021,
 author = {S{\o}rensen, Morten Heine and Urzyczyn, Pawel},
 title = {Lectures on the Curry-Howard Isomorphism, Volume 149 (Studies in Logic and the Foundations of Mathematics)},
 year = {2006},
 isbn = {0444520775},
 publisher = {Elsevier Science Inc.},
 address = {New York, NY, USA},
}

@inproceedings{he2016deep,
  title={Deep residual learning for image recognition},
  author={He, Kaiming and Zhang, Xiangyu and Ren, Shaoqing and Sun, Jian},
  booktitle={Proceedings of the IEEE conference on computer vision and pattern recognition},
  pages={770--778},
  year={2016}
}

@article{hinton2012deep,
  title={Deep neural networks for acoustic modeling in speech recognition: The shared views of four research groups},
  author={Hinton, Geoffrey and Deng, Li and Yu, Dong and Dahl, George E and Mohamed, Abdel-rahman and Jaitly, Navdeep and Senior, Andrew and Vanhoucke, Vincent and Nguyen, Patrick and Sainath, Tara N and others},
  journal={IEEE Signal Processing Magazine},
  volume={29},
  number={6},
  pages={82--97},
  year={2012},
  publisher={IEEE}
}

@article{bahdanau2014neural,
  author    = {Dzmitry Bahdanau and
               Kyunghyun Cho and
               Yoshua Bengio},
  title     = {Neural Machine Translation by Jointly Learning to Align and Translate},
  journal   = {CoRR},
  volume    = {abs/1409.0473},
  year      = {2014},
  url       = {http://arxiv.org/abs/1409.0473},
  archivePrefix = {arXiv},
  eprint    = {1409.0473},
  timestamp = {Wed, 07 Jun 2017 14:40:19 +0200},
  biburl    = {https://dblp.org/rec/bib/journals/corr/BahdanauCB14},
  bibsource = {dblp computer science bibliography, https://dblp.org}
}

@article{cho2014properties,
  author    = {KyungHyun Cho and
               Bart van Merrienboer and
               Dzmitry Bahdanau and
               Yoshua Bengio},
  title     = {On the Properties of Neural Machine Translation: Encoder-Decoder Approaches},
  journal   = {CoRR},
  volume    = {abs/1409.1259},
  year      = {2014},
  url       = {http://arxiv.org/abs/1409.1259},
  archivePrefix = {arXiv},
  eprint    = {1409.1259},
  timestamp = {Wed, 07 Jun 2017 14:42:33 +0200},
  biburl    = {https://dblp.org/rec/bib/journals/corr/ChoMBB14},
  bibsource = {dblp computer science bibliography, https://dblp.org}
}

@article{wu2016google,
  author    = {Yonghui Wu and
               Mike Schuster and
               Zhifeng Chen and
               Quoc V. Le and
               Mohammad Norouzi and
               Wolfgang Macherey and
               Maxim Krikun and
               Yuan Cao and
               Qin Gao and
               Klaus Macherey and
               Jeff Klingner and
               Apurva Shah and
               Melvin Johnson and
               Xiaobing Liu and
               Lukasz Kaiser and
               Stephan Gouws and
               Yoshikiyo Kato and
               Taku Kudo and
               Hideto Kazawa and
               Keith Stevens and
               George Kurian and
               Nishant Patil and
               Wei Wang and
               Cliff Young and
               Jason Smith and
               Jason Riesa and
               Alex Rudnick and
               Oriol Vinyals and
               Greg Corrado and
               Macduff Hughes and
               Jeffrey Dean},
  title     = {Google's Neural Machine Translation System: Bridging the Gap between
               Human and Machine Translation},
  journal   = {CoRR},
  volume    = {abs/1609.08144},
  year      = {2016},
  url       = {http://arxiv.org/abs/1609.08144},
  archivePrefix = {arXiv},
  eprint    = {1609.08144},
  timestamp = {Thu, 01 Mar 2018 22:53:14 +0100},
  biburl    = {https://dblp.org/rec/bib/journals/corr/WuSCLNMKCGMKSJL16},
  bibsource = {dblp computer science bibliography, https://dblp.org}
}

@book{Goodfellow-et-al-2016,
    title={Deep Learning},
    author={Ian Goodfellow and Yoshua Bengio and Aaron Courville},
    publisher={MIT Press},
    note={\url{http://www.deeplearningbook.org}},
    year={2016}
}

@inproceedings{DBLP:conf/lpar/LoosISK17,
  author    = {Sarah M. Loos and Geoffrey Irving and Christian Szegedy and
                  Cezary Kaliszyk},
  title     = {Deep Network Guided Proof Search},
  booktitle = {LPAR-21, 21st International Conference on Logic for Programming,
                  Artificial Intelligence and Reasoning, Maun, Botswana, May
                  7-12, 2017},
  pages     = {85--105},
  year      = {2017},
}

@inproceedings{Irving_NIPS_2016,
  author    = {Geoffrey Irving and Christian Szegedy and Alexander A. Alemi and
                  Niklas E{\'{e}}n and Fran{\c{c}}ois Chollet and Josef Urban},
  title     = {{DeepMath} - Deep Sequence Models for Premise Selection},
  booktitle = {Advances in Neural Information Processing Systems 29:
                  Annual Conference on Neural Information Processing Systems
                  2016, December 5-10, 2016, Barcelona, Spain},
  pages     = {2235--2243},
  year      = {2016},
}

% ICLR
@article{Kaliszyk_arxiv_2017,
  author    = {Cezary Kaliszyk and Fran{\c{c}}ois Chollet and Christian Szegedy},
  title     = {{HolStep}: {A} Machine Learning Dataset for Higher-order Logic
                  Theorem Proving},
  journal   = {CoRR},
  volume    = {abs/1703.00426},
  year      = {2017},
  archivePrefix = {arXiv},
  eprint    = {1703.00426},
}

@inproceedings{Wang_2017_NIPS,
  author    = {Mingzhe Wang and Yihe Tang and Jian Wang and Jia Deng},
  title     = {Premise Selection for Theorem Proving by Deep Graph Embedding},
  booktitle = {Advances in Neural Information Processing Systems 30: Annual
                  Conference on Neural Information Processing Systems 2017, 4-9
                  December 2017, Long Beach, CA, {USA}},
  pages     = {2783--2793},
  year      = {2017},
}

@article{Bunz_2017_arxiv,
  author    = {Benedikt B{\"{u}}nz and Matthew Lamm},
  title     = {Graph Neural Networks and Boolean Satisfiability},
  journal   = {CoRR},
  volume    = {abs/1702.03592},
  year      = {2017},
  archivePrefix = {arXiv},
  eprint    = {1702.03592},
}

@article{DBLP:journals/tnn/ScarselliGTHM09,
  author    = {Franco Scarselli and Marco Gori and Ah Chung Tsoi and Markus
                  Hagenbuchner and Gabriele Monfardini},
  title     = {The Graph Neural Network Model},
  journal   = {{IEEE} Trans. Neural Networks},
  volume    = {20},
  number    = {1},
  pages     = {61--80},
  year      = {2009},
  doi       = {10.1109/TNN.2008.2005605},
}

@article{Hopfield_1985_BC,
  author = {Hopfield, J. J. and Tank, D. W.},
  title = {"Neural" Computation of Decisions in Optimization Problems},
  journal = {Biological Cybernetics},
  issue_date = {July      1985},
  volume = {52},
  number = {3},
  month = jul,
  year = {1985},
  pages = {141--152},
  numpages = {12},
  acmid = {2730138},
}

@article{Johnson_1989_JPDC,
  author    = {James L. Johnson},
  title     = {A Neural Network Approach to the 3-Satisfiability Problem},
  journal   = {J. Parallel Distrib. Comput.},
  volume    = {6},
  number    = {2},
  pages     = {435--449},
  year      = {1989},
}

@article{Selsam_2018_arxiv,
  author    = {Daniel Selsam and Matthew Lamm and Benedikt B{\"{u}}nz and Percy
                  Liang and Leonardo de Moura and David L. Dill},
  title     = {Learning a {SAT} Solver from Single-Bit Supervision},
  journal   = {CoRR},
  volume    = {abs/1802.03685},
  year      = {2018},
  archivePrefix = {arXiv},
  eprint    = {1802.03685},
}

% ICLR
@article{Evans_2018_arxiv,
  author    = {Richard Evans and David Saxton and David Amos and Pushmeet Kohli
                  and Edward Grefenstette},
  title     = {Can Neural Networks Understand Logical Entailment?},
  journal   = {CoRR},
  volume    = {abs/1802.08535},
  year      = {2018},
  archivePrefix = {arXiv},
  eprint    = {1802.08535},
}

@inproceedings{DBLP:conf/icml/DevlinUBSMK17,
  author    = {Jacob Devlin and Jonathan Uesato and Surya Bhupatiraju and
                  Rishabh Singh and Abdel{-}rahman Mohamed and Pushmeet Kohli},
  title     = {{RobustFill}: Neural Program Learning under Noisy {I/O}},
  booktitle = {Proceedings of the 34th International Conference on Machine
                  Learning, {ICML} 2017, Sydney, NSW, Australia, 6-11 August
                  2017},
  pages     = {990--998},
  year      = {2017},
}

@article{DBLP:journals/corr/ParisottoMSLZK16,
  author    = {Emilio Parisotto and Abdel{-}rahman Mohamed and Rishabh Singh and
                  Lihong Li and Dengyong Zhou and Pushmeet Kohli},
  title     = {Neuro-Symbolic Program Synthesis},
  journal   = {CoRR},
  volume    = {abs/1611.01855},
  year      = {2016},
  archivePrefix = {arXiv},
  eprint    = {1611.01855},
}

@article{DBLP:journals/corr/BalogGBNT16,
  author    = {Matej Balog and Alexander L. Gaunt and Marc Brockschmidt and
                  Sebastian Nowozin and Daniel Tarlow},
  title     = {{DeepCoder}: Learning to Write Programs},
  journal   = {CoRR},
  volume    = {abs/1611.01989},
  year      = {2016},
  archivePrefix = {arXiv},
  eprint    = {1611.01989},
}

@inproceedings{DBLP:conf/acl/YinN17,
  author    = {Pengcheng Yin and Graham Neubig},
  title     = {A Syntactic Neural Model for General-Purpose Code Generation},
  booktitle = {Proceedings of the 55th Annual Meeting of the Association for
                  Computational Linguistics, {ACL} 2017, Vancouver, Canada, July
                  30 - August 4, Volume 1: Long Papers},
  pages     = {440--450},
  year      = {2017},
}

% ICLR
@inproceedings{Alvarez-Melis_2017_ICLR,
  title   = {Tree-structured Decoding with Doubly-Recurrent Neural Networks},
  author  = {David Alvarez-Melis and Tommi S. Jaakkola},
  journal = {International Conference on Learning Representations},
  year    = {2017}
}

@inproceedings{Dong_2016_ACL,
  author    = {Li Dong and Mirella Lapata},
  title     = {Language to Logical Form with Neural Attention},
  booktitle = {Proceedings of the 54th Annual Meeting of the Association for
                  Computational Linguistics, {ACL} 2016, August 7-12, 2016,
                  Berlin, Germany, Volume 1: Long Papers},
  year      = {2016},
}

@inproceedings{Zhang_2016_NAACL,
  author    = {Xingxing Zhang and Liang Lu and Mirella Lapata},
  title     = {Top-down Tree Long Short-Term Memory Networks},
  booktitle = {{NAACL} {HLT} 2016, The 2016 Conference of the North American
                  Chapter of the Association for Computational Linguistics:
                  Human Language Technologies, San Diego California, USA, June
                  12-17, 2016},
  pages     = {310--320},
  year      = {2016},
}

@inproceedings{Mou_2016_AAAI,
  author    = {Lili Mou and Ge Li and Lu Zhang and Tao Wang and Zhi Jin},
  title     = {Convolutional Neural Networks over Tree Structures for
                  Programming Language Processing},
  booktitle = {Proceedings of the Thirtieth {AAAI} Conference on Artificial
                  Intelligence, February 12-17, 2016, Phoenix, Arizona, {USA.}},
  pages     = {1287--1293},
  year      = {2016},
}

@inproceedings{Alex_2012_NIPS,
  author    = {Alex Krizhevsky and Ilya Sutskever and Geoffrey E. Hinton},
  title     = {ImageNet Classification with Deep Convolutional Neural Networks},
  booktitle = {Advances in Neural Information Processing Systems 25: 26th Annual
                  Conference on Neural Information Processing Systems
                  2012. Proceedings of a meeting held December 3-6, 2012, Lake
                  Tahoe, Nevada, United States.},
  pages     = {1106--1114},
  year      = {2012},
}

@article{Coquand_1988_CoC,
  author    = {Thierry Coquand and G{\'{e}}rard P. Huet},
  title     = {The Calculus of Constructions},
  journal   = {Information and Computation},
  volume    = {76},
  number    = {2/3},
  pages     = {95--120},
  year      = {1988},
}

@article{ILSVRC15,
  author  = {Olga Russakovsky and Jia Deng and Hao Su and Jonathan Krause and
                  Sanjeev Satheesh and Sean Ma and Zhiheng Huang and Andrej
                  Karpathy and Aditya Khosla and Michael Bernstein and Alexander
                  C. Berg and Li Fei-Fei},
  title   = {{ImageNet Large Scale Visual Recognition Challenge}},
  year    = {2015},
  journal = {International Journal of Computer Vision (IJCV)},
  volume  = {115},
  number  = {3},
  pages   = {211-252}
}

@article{LSTM,
  author    = {Sepp Hochreiter and J{\"{u}}rgen Schmidhuber},
  title     = {Long Short-Term Memory},
  journal   = {Neural Computation},
  volume    = {9},
  number    = {8},
  pages     = {1735--1780},
  year      = {1997},
  opturl       = {https://doi.org/10.1162/neco.1997.9.8.1735},
  optdoi       = {10.1162/neco.1997.9.8.1735},
  timestamp = {Sun, 28 May 2017 13:19:00 +0200},
  biburl    = {http://dblp.uni-trier.de/rec/bib/journals/neco/HochreiterS97},
  bibsource = {dblp computer science bibliography, http://dblp.org}
}

@book{Bishop_2006_PRML,
  author    = "Christopher M. Bishop",
  title     = "Pattern Recognition and Machine Learning",
  publisher = "Springer",
  year      = "2006",
}

@article{Hornik_1989_NN,
  author    = {Kurt Hornik and Maxwell B. Stinchcombe and Halbert White},
  title     = {Multilayer feedforward networks are universal approximators},
  journal   = {Neural Networks},
  volume    = {2},
  number    = {5},
  pages     = {359--366},
  year      = {1989},
}

@book{Nipkow:2002:IPA:1791547,
 author = {Nipkow, Tobias and Wenzel, Markus and Paulson, Lawrence C.},
 title = {Isabelle/HOL: A Proof Assistant for Higher-order Logic},
 year = {2002},
 isbn = {3-540-43376-7},
 publisher = {Springer-Verlag},
 address = {Berlin, Heidelberg},
} 

@manual{CoqManualV8,
  author = {{The {Coq} Development Team}},
  title = {{The Coq Proof Assistant Reference Manual -- Version 8.7.2}},
  year = {2017},
  month = aug,
  note = {http://coq.inria.fr}
}

@inproceedings{Norell:2009:DTP:1481861.1481862,
 author = {Norell, Ulf},
 title = {Dependently Typed Programming in Agda},
 booktitle = {Proceedings of the 4th International Workshop on Types in Language Design and Implementation},
 series = {TLDI '09},
 year = {2009},
 isbn = {978-1-60558-420-1},
 location = {Savannah, GA, USA},
 pages = {1--2},
 numpages = {2},
 url = {http://doi.acm.org/10.1145/1481861.1481862},
 doi = {10.1145/1481861.1481862},
 acmid = {1481862},
 publisher = {ACM},
 address = {New York, NY, USA},
 keywords = {dependent types, programming},
}

@inproceedings{Klein:2009:SFV:1629575.1629596,
 author = {Klein, Gerwin and Elphinstone, Kevin and Heiser, Gernot and Andronick, June and Cock, David and Derrin, Philip and Elkaduwe, Dhammika and Engelhardt, Kai and Kolanski, Rafal and Norrish, Michael and Sewell, Thomas and Tuch, Harvey and Winwood, Simon},
 title = {seL4: Formal Verification of an OS Kernel},
 booktitle = {Proceedings of the ACM SIGOPS 22Nd Symposium on Operating Systems Principles},
 series = {SOSP '09},
 year = {2009},
 isbn = {978-1-60558-752-3},
 location = {Big Sky, Montana, USA},
 pages = {207--220},
 numpages = {14},
 url = {http://doi.acm.org/10.1145/1629575.1629596},
 doi = {10.1145/1629575.1629596},
 acmid = {1629596},
 publisher = {ACM},
 address = {New York, NY, USA},
 keywords = {isabelle/hol, l4, microkernel, sel4},
} 

@article{Leroy:2009:FVR:1538788.1538814,
 author = {Leroy, Xavier},
 title = {Formal Verification of a Realistic Compiler},
 journal = {Commun. ACM},
 issue_date = {July 2009},
 volume = {52},
 number = {7},
 month = jul,
 year = {2009},
 issn = {0001-0782},
 pages = {107--115},
 numpages = {9},
 url = {http://doi.acm.org/10.1145/1538788.1538814},
 doi = {10.1145/1538788.1538814},
 acmid = {1538814},
 publisher = {ACM},
 address = {New York, NY, USA},
} 

@inproceedings{DBLP:conf/vstte/BarnettDFJLSV05,
  author    = {Michael Barnett and
               Robert DeLine and
               Manuel F{\"{a}}hndrich and
               Bart Jacobs and
               K. Rustan M. Leino and
               Wolfram Schulte and
               Herman Venter},
  title     = {The Spec{\#} Programming System: Challenges and Directions},
  booktitle = {Verified Software: Theories, Tools, Experiments, First {IFIP} {TC}
               2/WG 2.3 Conference, {VSTTE} 2005, Zurich, Switzerland, October 10-13,
               2005, Revised Selected Papers and Discussions},
  pages     = {144--152},
  year      = {2005},
  url       = {https://doi.org/10.1007/978-3-540-69149-5_16},
  doi       = {10.1007/978-3-540-69149-5_16},
  timestamp = {Mon, 30 Oct 2017 11:35:07 +0100},
  biburl    = {https://dblp.org/rec/bib/conf/vstte/BarnettDFJLSV05},
  bibsource = {dblp computer science bibliography, https://dblp.org}
}

@inproceedings{Chalin:2007:IVE:1292316.1292322,
 author = {Chalin, Patrice and James, Perry R. and Karabotsos, George},
 title = {An Integrated Verification Environment for JML: Architecture and Early Results},
 booktitle = {Proceedings of the 2007 Conference on Specification and Verification of Component-based Systems: 6th Joint Meeting of the European Conference on Software Engineering and the ACM SIGSOFT Symposium on the Foundations of Software Engineering},
 series = {SAVCBS '07},
 year = {2007},
 isbn = {978-1-59593-721-6},
 location = {Dubrovnik, Croatia},
 pages = {47--53},
 numpages = {7},
 url = {http://doi.acm.org/10.1145/1292316.1292322},
 doi = {10.1145/1292316.1292322},
 acmid = {1292322},
 publisher = {ACM},
 address = {New York, NY, USA},
 keywords = {Eclipse, JML4, integrated verification environment, java modeling language},
}

@inproceedings{DBLP:conf/esop/FilliatreP13,
  author    = {Jean{-}Christophe Filli{\^{a}}tre and
               Andrei Paskevich},
  title     = {Why3 - Where Programs Meet Provers},
  booktitle = {Programming Languages and Systems - 22nd European Symposium on Programming,
               {ESOP} 2013, Held as Part of the European Joint Conferences on Theory
               and Practice of Software, {ETAPS} 2013, Rome, Italy, March 16-24,
               2013. Proceedings},
  pages     = {125--128},
  year      = {2013},
}

@article{Milner_1978_JCSS,
  author    = {Robin Milner},
  title     = {A Theory of Type Polymorphism in Programming},
  journal   = {J. Comput. Syst. Sci.},
  volume    = {17},
  number    = {3},
  pages     = {348--375},
  year      = {1978},
}

@inproceedings{Sutskever_2014_NIPS,
  author    = {Ilya Sutskever and Oriol Vinyals and Quoc V. Le},
  title     = {Sequence to Sequence Learning with Neural Networks},
  booktitle = {Advances in Neural Information Processing Systems 27: Annual
                  Conference on Neural Information Processing Systems 2014,
                  December 8-13 2014, Montreal, Quebec, Canada},
  pages     = {3104--3112},
  year      = {2014},
}

@book{Koller:2009:PGM:1795555,
 author = {Koller, Daphne and Friedman, Nir},
 title = {Probabilistic Graphical Models: Principles and Techniques - Adaptive Computation and Machine Learning},
 year = {2009},
 isbn = {0262013193, 9780262013192},
 publisher = {The MIT Press},
} 

@inproceedings{DBLP:journals/jmlr/GlorotBB11,
  author    = {Xavier Glorot and Antoine Bordes and Yoshua Bengio},
  title     = {Deep Sparse Rectifier Neural Networks},
  booktitle = {Proceedings of the Fourteenth International Conference on
                  Artificial Intelligence and Statistics, {AISTATS} 2011, Fort
                  Lauderdale, USA, April 11-13, 2011},
  pages     = {315--323},
  year      = {2011},
}

@inproceedings{tokui2015chainer,
  title={Chainer: a next-generation open source framework for deep learning},
  author={Tokui, Seiya and Oono, Kenta and Hido, Shohei and Clayton, Justin},
  booktitle={Proceedings of workshop on machine learning systems (LearningSys) in the twenty-ninth annual conference on neural information processing systems (NIPS)},
  year={2015}
}

@article{DBLP:journals/corr/KingmaB14,
  author    = {Diederik P. Kingma and
               Jimmy Ba},
  title     = {{Adam}: {A} Method for Stochastic Optimization},
  journal   = {CoRR},
  volume    = {abs/1412.6980},
  year      = {2014},
  opturl       = {http://arxiv.org/abs/1412.6980},
  timestamp = {Wed, 07 Jun 2017 14:40:52 +0200},
  biburl    = {http://dblp.uni-trier.de/rec/bib/journals/corr/KingmaB14},
  bibsource = {dblp computer science bibliography, http://dblp.org}
}

@inproceedings{DBLP:conf/lpar/Schulz13,
  author    = {Stephan Schulz},
  title     = {System Description: {E} 1.8},
  booktitle = {Logic for Programming, Artificial Intelligence, and Reasoning -
                  19th International Conference, LPAR-19, Stellenbosch, South
                  Africa, December 14-19, 2013. Proceedings},
  pages     = {735--743},
  year      = {2013},
}

@inproceedings{DBLP:conf/tphol/Harrison09a,
  author    = {John Harrison},
  title     = {{HOL} Light: An Overview},
  booktitle = {Theorem Proving in Higher Order Logics, 22nd International
                  Conference, TPHOLs 2009, Munich, Germany, August 17-20,
                  2009. Proceedings},
  pages     = {60--66},
  year      = {2009},
}

@inproceedings{DBLP:conf/nips/NeyshaburBMS17,
  author    = {Behnam Neyshabur and Srinadh Bhojanapalli and David McAllester
                  and Nati Srebro},
  title     = {Exploring Generalization in Deep Learning},
  booktitle = {Advances in Neural Information Processing Systems 30: Annual
                  Conference on Neural Information Processing Systems 2017, 4-9
                  December 2017, Long Beach, CA, {USA}},
  pages     = {5949--5958},
  year      = {2017},
}

@article{sgd,
  author = "Robbins, Herbert and Monro, Sutton",
  journal = "The Annals of Mathematical Statistics",
  month = "09",
  number = "3",
  pages = "400--407",
  publisher = "The Institute of Mathematical Statistics",
  title = "A Stochastic Approximation Method",
  volume = "22",
  year = "1951"
}

